@misc{USPLeliane15,
	author = {{Leliane Nunes de Barros}} ,
	title = {{Planejamento clássico como um problema SAT}} ,
	year = 2015 ,
	url = {http://paca.ime.usp.br/pluginfile.php/71307/course/section/14221/LabIA-2015.pdf} ,
	url-date = {2015-03-04}
}

@misc{LabIA15,
  author = {{MAC5789 - PACA IME}},
  title = {{Laboratório de Inteligência Artificial}},
  year = 2015,
  url = {http://paca.ime.usp.br/course/view.php?id=898},
  urldate = {2015-05-20}
}

@misc{ToySAT14,
  author = {{Masahiro Sakai}},
  title = {{Toysolver}},
  year = 2014,
  url = {https://github.com/msakai/toysolver},
  urldate = {2015-03-08}
}

@book{Satisfiability09,
	author = {{Victor W. Marek}} ,
	title = {{Introduction to Mathematics of Satisfiability}} ,
	year = {2009}
}
